@misc{graphmaker,
  author = {GraphMaker},
  title = {GraphMaker AI Chat},
  year = {2025},
  url = {https://www.graphmaker.ai/chat},
  note = {Acessado em: 27 Fev. 2025}
}

@inproceedings{mitra2022nldv,
  author    = {Rishab Mitra and Arpit Narechania and Alex Endert and John Stasko},
  title     = {Facilitating Conversational Interaction in Natural Language Interfaces for Visualization},
  booktitle = {Proceedings of the IEEE Visualization Conference (VIS)},
  year      = {2022},
  url       = {https://arxiv.org/pdf/2207.00189}, 
  note      = {Ferramenta NL4DV para interação em linguagem natural com visualizações}
}

@misc{text2sql,
  author = {Text2SQL.ai},
  title = {Text2SQL.ai: Natural Language to SQL Conversion},
  year = {2025},
  url = {https://www.text2sql.ai},
  note = {Acessado em: 27 Fev. 2025}
}

@misc{chatgpt2025,
  author = {OpenAI},
  title = {ChatGPT: Conversational AI Model},
  year = {2025},
  url = {https://openai.com/chatgpt},
  note = {Acessado em: 27 Fev. 2025}
}

@misc{spider2025,
  author = {Yale LILY},
  title = {Spider: A Large-Scale Text-to-SQL Benchmark},
  year = {2025},
  url = {https://yale-lily.github.io/spider},
  note = {Acessado em: 27 Fev. 2025}
}
@misc{raffel2019exploring,
  author = {Colin Raffel and Noam Shazeer and Adam Roberts and Katherine Lee and Sharan Narang and Michael Matena and Yanqi Zhou and Wei Li and Peter J. Liu},
  title = {Exploring the Limits of Transfer Learning with a Unified Text-to-Text Transformer},
  year = {2019},
  howpublished = {\url{https://arxiv.org/abs/1910.10683}},
}
@misc{cssupport_t5small2025,
  author = {cssupport},
  title = {t5-small-awesome-text-to-sql},
  year = {2025},
  howpublished = {\url{https://huggingface.co/cssupport/t5-small-awesome-text-to-sql}},
}
@misc{juierror2025,
  author = {juierror},
  title = {text-to-sql-with-table-schema},
  year = {2025},
  howpublished = {\url{https://huggingface.co/juierror/text-to-sql-with-table-schema}},
}
@misc{juierror2025flan,
  author = {juierror},
  title = {flan-t5-text2sql-with-schema-v2},
  year = {2025},
  howpublished = {\url{https://huggingface.co/juierror/flan-t5-text2sql-with-schema-v2}},
}

@misc{groq2025,
  author = {Groq Inc.},
  title = {Llama-3.3-70b-versatile},
  year = {2025},
  howpublished = {\url{https://huggingface.co/groq/llama-3.3-70b-versatile}},
}


@misc{huggingface,
  author = {Thomas Wolf and Lysandre Debut and Victor Sanh and Julien Chaumond and Clement Delangue and Anthony Moi and Pierric Cistac and Sébastien Ruder and Guillaume Gauthier and Holger Schwenk and Alexander M. Rush},
  title = {Hugging Face's Transformers: State-of-the-Art Natural Language Processing},
  year = {2019},
  howpublished = {\url{https://arxiv.org/abs/1910.03771}},
}

@misc{learnsql2022,
  author       = {{LearnSQL.com}},
  title        = {SQL Practice for Beginners: 20+ Exercises with Solutions},
  year         = {2022},
  month        = {julho},
  note         = {Acedido em abril de 2025},
  url          = {https://learnsql.com/blog/sql-practice-for-beginners-adventureworks-exercises/}
}

@misc{tpc-h,
  author = {{Transaction Processing Performance Council}},
  title = {TPC-H: Decision Support Benchmark},
  howpublished = {\url{https://www.tpc.org/tpch/}},
  year = {2021},
  note = {Accessed: 2025-04-11}
}
